<?xml version="1.0" encoding="UTF-8"?><collection xmlns="http://www.loc.gov/MARC21/slim"><record><leader>00446nam--2200169-i-4500</leader><controlfield tag="001">000027318</controlfield><controlfield tag="002">20161230</controlfield><controlfield tag="005">20161230201036</controlfield><controlfield tag="008">060222s1000------------r-----000-0-eng-d</controlfield><datafield ind1=" " ind2=" " tag="040"><subfield code="a">IFIN-HH</subfield></datafield><datafield ind1=" " ind2=" " tag="080"><subfield code="a">532.13</subfield></datafield><datafield ind1="1" ind2=" " tag="100"><subfield code="a">Kopietz, Johannes</subfield></datafield><datafield ind1="1" ind2="0" tag="245"><subfield code="a">Zur messung der komplexen schubviskositat</subfield><subfield code="c">Johannes kopietz</subfield></datafield><datafield ind1=" " ind2=" " tag="260"><subfield code="a">Stuttgart, Technische Hochschule, 1964</subfield></datafield><datafield ind1=" " ind2=" " tag="300"><subfield code="a">52P</subfield></datafield><datafield ind1=" " ind2=" " tag="852"><subfield code="a">20750</subfield><subfield code="c">532</subfield></datafield><datafield ind1=" " ind2=" " tag="CAT"><subfield code="a">Sys</subfield><subfield code="c">20100713</subfield><subfield code="h">144613</subfield></datafield></record></collection>